@article{article,
  author  = {Peter Adams}, 
  title   = {The title of the work},
  journal = {The name of the journal},
  year    = 1993,
  number  = 2,
  pages   = {201-213},
  month   = 7,
  note    = {An optional note}, 
  volume  = 4
}

@book{esl,
  author    = "Trevor Hastie and Robert Tibshiriani and Jerome Friedman", 
  title     = {The Elements of Statistical Learning},
  publisher = {Springer},
  year      = 2009,
  month     = "February",
  note      = "\url{http://web.stanford.edu/~hastie/ElemStatLearn/}",
  edition   = {Second}
}

@misc{kmeanspp,
  title = {Wikipedia. 
  k-means++},
  note = "\url{https://en.wikipedia.org/wiki/K-means%2B%2B}"
}

@misc{dbscan_wiki,
  title = {Wikipedia. DBSCAN},
  note = "\url{https://ru.wikipedia.org/wiki/DBSCAN}"
}

@misc{dbscan_habr,
  title = {Habr. DBSCAN},
  note = "\url{https://habr.com/ru/post/322034/}"
}

@misc{arules_habr,
  title = {Habr, Ассоциативные правила},
  note = "\url{https://habr.com/ru/company/ods/blog/353502/}"
}

@misc{rec_systems_cs_center,
  title = {CS Center, Рекомендательные системы},
  note = "\url{https://compsciclub.ru/courses/recommendation/2018-autumn/classes/4134/}"
}

@misc{rec_systems_habr,
  title = {Habr, Как работают рекомендательные системы},
  note = "\url{https://habr.com/company/yandex/blog/241455/}"

@misc{dbscan_visualization,
  title = {Визуализация DBSCAN от naftaliharris.com},
  note = "\url{https://www.naftaliharris.com/blog/visualizing-dbscan-clustering/}"
}

@misc{koren_recommender,
  author = {Yehuda Koren and Robert Bell and Chris Volinsky},
  title = {Matrix Factorization Techniques for Recommender systems},
  note = "\url{https://datajobs.com/data-science-repo/Recommender-Systems-\%5BNetflix\%5D.pdf}"
}

@misc{linreg_habr,
  title = {Основы линейной регрессии},
  note = "\url{https://habr.com/ru/post/514818/}"
}

@misc{vokov,
  author = {Константин Воронцов},
  title = {Курс лекций},
  note = "\url{http://www.machinelearning.ru/wiki/index.php?title=%D0%9C%D0%B0%D1%88%D0%B8%D0%BD%D0%BD%D0%BE%D0%B5_%D0%BE%D0%B1%D1%83%D1%87%D0%B5%D0%BD%D0%B8%D0%B5_%28%D0%BA%D1%83%D1%80%D1%81_%D0%BB%D0%B5%D0%BA%D1%86%D0%B8%D0%B9%2C_%D0%9A.%D0%92.%D0%92%D0%BE%D1%80%D0%BE%D0%BD%D1%86%D0%BE%D0%B2%29}"
%   note = "\url{http://www.machinelearning.ru/wiki/index.php?title=Машинное_обучение_%28курс_лекций%2C_К.В.Воронцов%29}"
}
